bf25208b92eeb274e00056e7824324a9